% ---------------------------------------------------------------------% ---------------------------------------------------------------------
% books
% ---------------------------------------------------------------------

@book{DatosAbiertos2022Cloud,
	author    = {Julián Valero Torrijos, Rubén Martínez Gutierrez},
	title     = {DATOS ABIERTOS Y REUTILIZACIÓN DE LA INFORMACIÓN DEL SECTOR PÚBLICO},
	year      = {2022},
	publisher = {CRC Press},
	isbn      = {978-84-1369-269-2},
	url       = {https://www.comares.com/libro/datos-abiertos-y-reutilizacion-de-la-informacion-del-sector-publico_139734/}
}

@book{bozeman2007public,
	ISBN = {9781589011779},
	URL = {http://www.jstor.org/stable/j.ctt2tt37c},
	abstract = {Economic individualism and market-based values dominate today's policymaking and public management circlesùoften at the expense of the common good. In his new book, Barry Bozeman demonstrates the continuing need for public interest theory in government. Public Values and Public Interest offers a direct theoretical challenge to the utility of economic individualism, the prevailing political theory in the western world.  The book's arguments are steeped in a practical and practicable theory that advances public interest as a viable and important measure in any analysis of policy or public administration. According to Bozeman, public interest theory offers a dynamic and flexible approach that easily adapts to changing situations and balances today's market-driven attitudes with the concepts of common good advocated by Aristotle, Saint Thomas Aquinas, John Locke, and John Dewey.  In constructing the case for adopting a new governmental paradigm based on what he terms managing publicness, Bozeman demonstrates why economic indices alone fail to adequately value social choice in many cases. He explores the implications of privatization of a wide array of governmental servicesùamong them Social Security, defense, prisons, and water supplies. Bozeman constructs analyses from both perspectives in an extended study of genetically modified crops to compare the policy outcomes using different core values and questions the public value of engaging in the practice solely for the sake of cheaper food. Thoughtful, challenging, and timely, Public Values and Public Interest  shows how the quest for fairness can once again play a full part in public policy debates and public administration.},
	author = {BARRY BOZEMAN},
	publisher = {Georgetown University Press},
	title = {Public Values and Public Interest: Counterbalancing Economic Individualism},
	urldate = {2025-08-26},
	year = {2007}
}

@book{huawei2023cloud,
	author    = {{Huawei Technologies Co., Ltd.}},
	title     = {Cloud Computing Technology},
	year      = {2023},
	publisher = {Springer and Posts \& Telecom Press},
	address   = {Singapore and Beijing},
	isbn      = {978-981-19-3026-3},
	url       = {https://doi.org/10.1007/978-981-19-3026-3},
	note      = {Open access book},
	language  = {English}
}

@book{lisdorf2021cloud,
	author    = {Lisdorf, Anders},
	title     = {Cloud Computing Basics: A Non-Technical Introduction},
	year      = {2021},
	publisher = {Apress},
	isbn      = {978-1-4842-6921-3},
	url       = {https://link-springer-com.bucm.idm.oclc.org/book/10.1007/978-1-4842-6921-3},
	doi       = {10.1007/978-1-4842-6921-3},
	note      = {Accessed: 2025-08-27},
	language  = {English}
}

@book{OECD2019,
  author    = {{OECD}},
  title     = {The Path to Becoming a Data-Driven Public Sector},
  series    = {OECD Digital Government Studies},
  publisher = {OECD Publishing},
  year      = {2019},
  doi       = {10.1787/059814a7-en},
  url       = {https://doi.org/10.1787/059814a7-en}
}

% ---------------------------------------------------------------------% ---------------------------------------------------------------------
% articles
% ---------------------------------------------------------------------


% ----------------
% Data articles
% ----------------

@article{brown2011you,
	title={Are you ready for the era of 'big data'},
	author={Brown, Brad and Chui, Michael and Manyika, James},
	journal={McKinsey Quarterly},
	volume={4},
	number={1},
	pages={24--35},
	year={2011}
}

@article{khan2019fileFormats,
	title={File Formats for Big Data Storage Systems},
	author={Khan, Samiya and Alam, Mansaf},
	journal={International Journal of Engineering and Advanced Technology (IJEAT) Volume-9 Issue-1},
	year={2019}
}

@article{muvva2020bigfileFormats,
	title={Big Data File Formats: Evolution, Performance, and the Rise of Columnar Storage},
	author={Muvva, Sainath},
	journal={IJSAT-International Journal on Science and Technology},
	volume={11},
	number={3},
	year={2020},
	publisher={International Research Publication and Journals}
}

@article{OECD2023openData,
	title={2023 OECD Open, Useful and Re-usable data 'OURdata' Index: Results and key findings},
	author={OECD},
	journal={OECD Public Governance Policy Papers, No. 43, OECD Publishing, Paris},
	year={2023}
}

@article{LicenciasLibres2017Datos,
	author={Ramos-Simón,Luis F.},
	year={2017},
	month={Jul},
	title={El uso de las licencias libres en los datos públicos abiertos},
	journal={Revista Espanola de Documentacion Cientifica},
	volume={40},
	number={3},
	pages={1-16},
	note={Copyright - Copyright Consejo Superior de Investigaciones Científicas Jul/Sep 2017; Última actualización - 2017-10-04},
	abstract={Big data, the massive amounts of data collected using different technological tools or extracted from large collections of information in different formats, are able to generate new knowledge in diverse sectors. But problems are posed regarding both their ownership and subsequent use. This study analyzes the concept of data analysis, as well as the different types of data and their possible regulation, presenting an overview of how in recent years some open licensing schemes have begun to be implemented for avoiding the legal obstacles facing the inclusion of these data types in the creation of new knowledge. The study shows how different governments and international organizations that produce public data have found an appropriate mechanism for promoting the use and reuse of large volumes of public data through these licenses - in particular, the PPDL and CC0 modalities in which all rights to databases are waived.},
	keywords={Library And Information Sciences; Data management; Copyright; Knowledge management; Data analysis; Licensing; Big Data; Open data; Licenses; Data mining; Public sector; 13.17:NON BIBLIOGRAPHIC DATABASES, DATA BANKS; 16.1:COPYRIGHT},
	isbn={02100614},
	language={Spanish},
	url={https://login.bucm.idm.oclc.org/login?url=https://www.proquest.com/scholarly-journals/el-uso-de-las-licencias-libres-en-los-datos/docview/1942221307/se-2}
}

@article{TransparenciaEcuador,
	author={Soledad De la Torre , Santiago Núñez},
	year={2023},
	title={Transparencia en la administración pública municipal del Ecuador},
	journal={Estudios de la Gestión},
	number={14},
	pages={53-73},
	note={Copyright - Copyright null 2023; Última actualización - 2024-12-12; SubjectsTermNotLitGenreText - Ecuador},
	abstract={Este es un aporte académico que pretende evidenciar el nivel de transparencia en el acceso público de información en los 221 Gobiernos Autónomos Descentralizados (GAD) del Ecuador. Conlleva un análisis conceptual de los avances en el derecho al acceso de la información pública en Ecuador a nivel municipal. Desde una óptica legal, se evidencian los aspectos más destacados del cumplimiento del art. 7 de la Ley Orgánica de Transparencia y Acceso a la Información Pública (LOTAIP) por parte de los GAD, en el contexto de la difusión de la información pública y el índice de transparencia activa (ITA). Aplicando la técnica de observación, se revisaron 221 portales web en el ámbito de transparencia, y se realizó un análisis comparativo del índice de transparencia activa generados por la Fundación Ciudadanía y Desarrollo (FCD). El estudio se ha orientado a la fundamentación teórica sobre los paradigmas de la administración pública y el análisis comparativo del período 2018-2020, visibilizando el incremento en el incumplimiento de la ley por parte de los organismos analizados que escala del 68,78% en 2018, al 85,07% en 2020.},
	keywords={Business And Economics--Management; Access to information; Comparative analysis; Ecuador},
	isbn={25506641},
	language={Spanish},
	url={https://login.bucm.idm.oclc.org/login?url=https://www.proquest.com/scholarly-journals/transparencia-en-la-administración-pública/docview/2922952801/se-2}
}

@article{OperGovernment2011,
	author={Ferrer-Sapena A., Peset F., Aleixandre-Benavent R. },
	year={2011},
	title={ Acceso a Los Datos Públicos Y Su Reutilización: Open Data Y Open Government},
	journal={ El Profesional de la Información},
	pages={260-269},
	language={Spanish},
	url={https://research-ebsco-com.bucm.idm.oclc.org/c/hkqqg2/viewer/pdf/7nbwqjtzkb}
}

@article{HerreraCapriz2024,
	author    = {Herrera Capriz, Mariana Elena},
	title     = {El valor intangible de la transparencia: un análisis de los datos abiertos de España en el marco de la corriente "Valor Público"},
	school    = {Universidad Complutense de Madrid},
	year      = {2024},
	address   = {Madrid, España},
	url       = {https://hdl.handle.net/20.500.14352/107066},
	abstract  = {This doctoral thesis focuses on studies of public value and intangibles in the public sector specifically in transparency as an intangible good in the form of open data...},
	language  = {es},
	note      = {Tesis inédita de la Universidad Complutense de Madrid, Facultad de Ciencias de la Información, leída el 08/05/2024}
}

@article{moore1995creating,
	title={Creating Public Value: Strategic Management in Government},
	author={Mark Moore},
	year={1995},
	publisher={Harvard University Press},
	address={Cambridge, MA},
	url={https://www.researchgate.net/publication/257496373_Creating_public_value_Strategic_management_in_government_Cambridge_MA_Harvard_University_Press_by_Mark_Moore}
}

@article{Benington19032009,
	author = {John Benington},
	title = {Creating the Public In Order To Create Public Value?},
	journal = {International Journal of Public Administration},
	volume = {32},
	number = {3-4},
	year = {2009},
	publisher = {Routledge},
	doi = {10.1080/01900690902749578},
	webpage = {https://doi.org/10.1080/01900690902749578}
}

@article{Talbot01012011,
	author = {Colin Talbot},
	title = {Paradoxes and prospects of 'public value'},
	journal = {Public Money \& Management},
	volume = {31},
	number = {1},
	year = {2011},
	publisher = {Routledge},
	doi = {10.1080/09540962.2011.545544},
	website = {https://doi.org/10.1080/09540962.2011.545544}
}

@article{Meynhardt19032009,
	author = {Timo Meynhardt},
	title = {Public Value Inside: What is Public Value Creation?},
	journal = {International Journal of Public Administration},
	volume = {32},
	number = {3-4},
	pages = {192--219},
	year = {2009},
	publisher = {Routledge},
	doi = {10.1080/01900690902732632},
	URL = { https://doi.org/10.1080/01900690902732632}
}

@article{verhulst2020,
	author = {Verhulst, Stefaan and Young, Andrew and Zahuranec, Andrew and Calderon, Ania and Gee, Matt and Aaronson, Susan},
	title = {The Emergence of a Third Wave of Open Data: How To Accelerate the Re-Use of Data for Public Interest Purposes While Ensuring Data Rights and Community Flourishing},
	journal = {International Journal of Public Administration},
	pages = {8},
	year = {2020},
	URL = {http://dx.doi.org/10.2139/ssrn.3937638}
}

@article{Matheus03052020,
	author = {Ricardo Matheus and Marijn Janssen},
	title = {A Systematic Literature Study to Unravel Transparency Enabled by Open Government Data: The Window Theory},
	journal = {Public Performance \& Management Review},
	volume = {43},
	number = {3},
	pages = {503--534},
	year = {2020},
	publisher = {Routledge},
	doi = {10.1080/15309576.2019.1691025},
	URL = {https://doi.org/10.1080/15309576.2019.1691025}
}

@article{UseCaseObservatory2022V1,
	author = {Giulia Carsaniga, Jochem Dogger, David Regeczi},
	title = {The Use Case Observatory A 3-year monitoring of 30 reuse cases to understand the economic, governmental, social and environmental impact of open data Volume I},
	journal = {Publications Office of the European Union},
	year = {2022},
	URL = {https://data.europa.eu/sites/default/files/report/The_Use_Case_Observatory_Volume_I_0.pdf}
}

@article{UseCaseObservatory2024V2,
	author = {Dominique Nijssen},
	title = {The Use Case Observatory A 3-year monitoring of 30 reuse cases to understand the economic, governmental, social and environmental impact of open data Volume II},
	journal = {Publications Office of the European Union},
	year = {2022},
	URL = {https://data.europa.eu/sites/default/files/report/The_Use_Case_Observatory_Volume_2_2.pdf}
}

@article{Datathon2016Anslow,
	author = {Anslow, Craig and Brosz, John and Maurer, Frank and Boyes, Mike},
	title = {Datathons: An Experience Report of Data Hackathons for Data Science Education},
	year = {2016},
	isbn = {9781450336857},
	publisher = {Association for Computing Machinery},
	address = {New York, NY, USA},
	url = {https://doi.org/10.1145/2839509.2844568},
	doi = {10.1145/2839509.2844568},
	abstract = {Large amounts of data are becoming increasingly available through open data repositories as well as companies and governments collecting data to improve decision making and efficiencies. Consequently there is a need to increase the data literacy of computer science students. Data science is a relatively new area within computer science and the curriculum is rapidly evolving along with the tools required to perform analytics which students need to learn how to effectively use. To address the needs of students learning key data science and analytics skills we propose augmenting existing data science curriculums with hackathon events that focus on data also known as datathons. In this paper we present our experience at hosting and running four datathons that involved students and members from the community coming together to solve challenging problems with data from not-for-profit social good organizations and publicly open data. Our reported experience from our datathons will help inform other academics and community groups who also wish to host datathons to help facilitate their students and members to learn key data science and analytics skills.},
	booktitle = {Proceedings of the 47th ACM Technical Symposium on Computing Science Education},
	pages = {615–620},
	numpages = {6},
	keywords = {open data, hackathon, datathon, data science, community engagement, analytics},
	location = {Memphis, Tennessee, USA},
	series = {SIGCSE '16}
}

@article{MelendrezMoreto2016Auditoria,
	author    = {Melendrez Moreto, Ignacio},
	title     = {Auditoría y metodología de implantación de open data para smart cities},
	alias     = {Auditoría y metodología de implantación de open data para smart cities},
	school    = {Facultad de Informática, Departamento de Arquitectura de Computadores y Automática},
	year      = {2016},
	url       = {https://hdl.handle.net/20.500.14352/25166},
	note      = {Máster en Ingeniería Informática, curso 2015-2016, a destacar: gran compilacion de datasets, conceptos interesantes como cinco estrellas del Open Data, manual de CKAN},
	langid    = {spanish}
}

@article{ArellanoBruno2019UsoDeGeolocalizacion,
	author    = {Arellano Bruno, Juan Bautista},
	title     = {Uso de geolocalización y de fuentes de datos abiertas para la creación de servicios turísticos por la ciudad de Madrid},
	school    = {Universidad Complutense, Facultad de Informática, Departamento de Sistemas Informáticos y Computación},
	year      = {2019},
	advisor   = {Sarasa Cabezuelo, Antonio},
	url       = {https://hdl.handle.net/20.500.14352/14366},
	langid    = {spanish}
}

@article{LLamoccaPortela2016Integracion,
	author    = {LLamocca Portela, Pavel},
	title     = {Integración y visualización de datos abiertos medioambientales},
	school    = {Facultad de Informática, Departamento de Arquitectura de Computadores y Automática},
	year      = {2016},
	advisor   = {López López, Victoria},
	url       = {https://hdl.handle.net/20.500.14352/25145},
	note      = {Máster en Ingeniería Informática, curso 2015-2016},
	langid    = {spanish}
}

@article{DataManagement2024Theodorakopoulos,
	author={Theodorakopoulos Leonidas,  Theodoropoulou Alexandra, Stamatiou Yannis},
	year={2024},
	title={A State-of-the-Art Review in Big Data Management Engineering: Real-Life Case Studies, Challenges, and Future Research Directions},
	journal={Eng},
	volume={5},
	number={3},
	pages={1266},
	note={Copyright - © 2024 by the authors. Licensee MDPI, Basel, Switzerland. This article is an open access article distributed under the terms and conditions of the Creative Commons Attribution (CC BY) license (https://creativecommons.org/licenses/by/4.0/). Notwithstanding the ProQuest Terms and Conditions, you may use this content in accordance with the terms of the License; Última actualización - 2024-09-27},
	abstract={The explosion of data volume in the digital age has completely changed the corporate and industrial environments. In-depth analysis of large datasets to support strategic decision-making and innovation is the main focus of this paper’s exploration of big data management engineering. A thorough examination of the basic elements and approaches necessary for efficient big data use—data collecting, storage, processing, analysis, and visualization—is given in this paper. With real-life case studies from several sectors to complement our exploration of cutting-edge methods in big data management, we present useful applications and results. This document lists the difficulties in handling big data, such as guaranteeing scalability, governance, and data quality. It also describes possible future study paths to deal with these issues and promote ongoing creativity. The results stress the need to combine cutting-edge technology with industry standards to improve decision-making based on data. Through an analysis of approaches such as machine learning, real-time data processing, and predictive analytics, this paper offers insightful information to companies hoping to use big data as a strategic advantage. Lastly, this paper presents real-life use cases in different sectors and discusses future trends such as the utilization of big data by emerging technologies.},
	keywords={Engineering; big data analytics; big data tools; decision-making; data lifecycle management; predictive analytics; Accuracy; Data processing; Management decisions; Datasets; Deep learning; Big Data; Social networks; Data analysis; Machine learning; Decision making; Performance evaluation; High performance computing; Efficiency; Case studies; Innovations; Data management; Best practice; State-of-the-art reviews; Supply chain management; Data collection; Algorithms; Real time},
	language={English},
	url={https://www.proquest.com/scholarly-journals/state-art-review-big-data-management-engineering/docview/3110454204/se-2},
}

@misc{EU_DGA_2022,
  author = {{European Parliament}, {Council of the European Union}},
  title = {Regulation (EU) 2022/868 of the European Parliament and of the Council of 30 May 2022 on European data governance and amending Regulation (EU) 2018/1724 (Data Governance Act)},
  howpublished = {Official Journal of the European Union, L 152, pp. 1-44},
  year = {2022},
  month = {June},
  url = {http://data.europa.eu/eli/reg/2022/868/oj},
  urldate = {2025-08-28},
  note = {Accessed: 28 August 2025}
}

% ----------------
% END - data articles
% ----------------
% ---------------------------------------------------------------------% ---------------------------------------------------------------------
% ----------------
% Cloud articles
% ----------------


@article{Anderson2004BOINC,
	author={Anderson, D.P.},
	booktitle={Fifth IEEE/ACM International Workshop on Grid Computing}, 
	title={BOINC: a system for public-resource computing and storage}, 
	year={2004},
	keywords={Grid computing;Personal communication networks;Supercomputers;Middleware;Computer networks;Application software;Resource management;Internet;Open source software;Laboratories},
	doi={10.1109/GRID.2004.14}}

@article{Anderson2010Volunteer,
	author = {Nov, Oded and Anderson, David and Arazy, Ofer},
	year = {2010},
	month = {04},
	pages = {741-750},
	title = {Volunteer computing: A model of the factors determining contribution to community-based scientific research},
	journal = {Proceedings of the 19th International Conference on World Wide Web, WWW '10},
	doi = {10.1145/1772690.1772766}
}

@article{BlockchainBasedDecentralisedCloud2018,
	author = {Uriarte, Rafael Brundo and De Nicola, Rocco},
	year = {2018},
	month = {09},
	pages = {},
	title = {Blockchain-Based Decentralised Cloud/Fog Solutions: Challenges, Opportunities and Standards},
	journal = {IEEE Communications Standards Magazine},
	doi = {10.1109/MCOMSTD.2018.1800020}
}

@article{DewComputing2018,
  author={Ray, Partha Pratim},
  journal={IEEE Access}, 
  title={An Introduction to Dew Computing: Definition, Concept and Implications}, 
  year={2018},
  volume={6},
  number={},
  pages={723-737},
  keywords={Cloud computing;Edge computing;Computer architecture;Computational modeling;Servers;Biological system modeling;Dew-cloud architecture;dew server;dew site;dew database;DDNS;DDNR;dew service},
  doi={10.1109/ACCESS.2017.2775042}}

@article{sanchez2023optimizacion,
  author  = {Sánchez de Paz, Mario},
  title   = {Optimización de infraestructuras de Cloud Computing basadas en máquinas virtuales},
  school  = {Facultad de Informática UCM, Departamento de Arquitectura de Computadores y Automática},
  year    = {2023},
  month   = aug,
  url     = {https://hdl.handle.net/20.500.14352/88408},
  note    = {Trabajo de Fin de Máster en Ingeniería Informática, Curso 2022/2023},
  abstract = {Cloud Computing es un modelo de entrega de servicios informáticos a través de Internet. Este fenómeno permite acceder a recursos computacionales, como servidores, almacenamiento y software a través de una red global de servidores remotos administrados por proveedores de servicios en la nube. Con este enfoque, los recursos proporcionados tienen mayor escalabilidad, en base a las necesidades cambiantes y sin depender de costosas infraestructuras físicas; y acceso remoto a esos recursos, lo que permite trabajar y colaborar de forma eficiente a cualquiera que disponga de conexión a la red. La optimización de infraestructuras de Cloud Computing basadas en máquinas virtuales es un enfoque que busca maximizar la eficiencia y el rendimiento de los recursos en entornos de nube. Esto implica tomar decisiones inteligentes sobre la asignación de recursos, la gestión de cargas de trabajo y la planificación de la capacidad, para así reducir costos, mejorar la eficiencia operativa y la capacidad de respuesta a las necesidades cambiantes de las aplicaciones. El objetivo de este documento es profundizar en este problema, y explorar cómo las técnicas de optimización pueden aplicarse de forma efectiva en entornos hipotéticos de producción, considerando factores como la escalabilidad y eficiencia de recursos, para así conseguir la mejor solución.},
  language = {spanish}
}

@article{nigro2022,
    author = {Héctor Nigro},
    title = {Cloud Computing: Retos y Oportunidades},
    journal = {Rev. Ingeniería, Matemáticas y Ciencias de la Información},
    volume = {9},
    number = {18},
    pages = {11-16},
    year = {2022},
    url = {https://dialnet.unirioja.es/servlet/articulo?codigo=8704874}
}

@article{bommala2024,
    author = {Harikrishna Bommala and others},
    title = {Cloud Verse: mapping the new frontiers of cloud computing},
    booktitle = {MATEC Web of Conferences},
    volume = {392},
    pages = {01081},
    year = {2024},
    doi = {https://doi.org/10.1051/matecconf/202439201081}
}

@article{OpenNebula2014Kumar,
  author    = {Rakesh Kumar and Laveena Adwani and Sourabh Kumawat and Sunil Kumar Jangir},
  title     = {OpenNebula: Open Source {IaaS} Cloud Computing Software Platforms},
  booktitle = {National Conference on Computational and Mathematical Sciences (COMPUTATIA-IV)},
  year      = {2014},
  address   = {Jaipur, India},
  abstract  = {OpenNebula combines existing virtualization technologies with powerful features for automatic provision, multi-tenancy, as well as elasticity, following a bottom-up approach driven by real needs of sysadmins and devops. OpenNebula exists to help companies build simple, reliable, cost-effective, open enterprise clouds on existing IT infrastructure. This research paper discusses Introduction to Cloud Computing, with its important benefits. Further discussing about OpenNebula technology, with its key features, OpenNebula system, components of an OpenNebula system as well as interfaces provided by OpenNebula and at last covering Reasons for using OpenNebula as well as comparison between OpenStack and OpenNebula.},
  keywords  = {Cloud Computing; IaaS; KVM; OpenNebula; VMs},
  url       = {https://www.researchgate.net/profile/Rakesh-Kumar-34/publication/268747387_OpenNebula_Open_Source_IaaS_Cloud_Computing_Software_Platforms/links/54755e5b0cf245eb4370c647/OpenNebula-Open-Source-IaaS-Cloud-Computing-Software-Platforms.pdf}
}

@article{PrivateIaaSComparative2016,
	author = {Vogel, Adriano and Griebler, Dalvan and Maron¹, Carlos and Schepke, Claudio and Fernandes, Luiz},
	year = {2016},
	month = {02},
	pages = {672-679},
	title = {Private IaaS Clouds: A Comparative Analysis of OpenNebula, CloudStack and OpenStack},
	doi = {10.1109/PDP.2016.75},
	url= {https://www.researchgate.net/publication/299643991_Private_IaaS_Clouds_A_Comparative_Analysis_of_OpenNebula_CloudStack_and_OpenStack}
}

% ----------------
% END - Cloud articles
% ----------------
% ---------------------------------------------------------------------% ---------------------------------------------------------------------
% ----------------
% IA articles
% ----------------





% ----------------
% END - IA articles
% ----------------


% ---------------------------------------------------------------------% ---------------------------------------------------------------------
% misc elements
% ---------------------------------------------------------------------

@misc{free-for-dev,
	author = {R.I.Pienaar},
	title = "Free for devs",
	webpage = "https://github.com/ripienaar/free-for-dev",
	urldate = "2025-08-23",
	year = {2025}
}

@misc{Infoxicacion,
  title={Conferencia - Cómo Sobrevivir a La Infoxicación.},
  author={Alfons Cornella},
  journal={Formación de Posgrado del año académico 1999-2000},
  year={2000}
}

% ----------------
% misc Data
% ----------------

@misc{importancia-de-los-datos,
	author = {Yan Carriere-Swallow and Vikram Haksar},
	title = "The Economics and Implications of Data : An Integrated Perspective",
	webpage = "https://www.imf.org/en/Publications/Departmental-Papers-Policy-Papers/Issues/2019/09/20/The-Economics-and-Implications-of-Data-An-Integrated-Perspective-48596",
	urldate = "2019-09-23",
	year = {2019}
}


@misc{BigDataStatista,
	author = {Petroc Taylor},
	title = "Big data - statistics and facts",
	webpage = "https://www.statista.com/topics/1464/big-data/#topicOverview",
	urldate = "2025-03-31",
	year = {2025}
}

@misc{BigDataStadisticsMarket,
	author = {Tajammul Pangarkar},
	title = "Big Data Statistics 2025 By Patterns in the Dimensions",
	webpage = "https://scoop.market.us/big-data-statistics/",
	urldate = "2025-06-14",
	year = {2025}
}

@misc{wikiInformationAge,
	author = {Wikipedia},
	title = {Information Age},
	webpage = "https://en.wikipedia.org/wiki/Information_Age",
	urldate = {2025-08-23},
	year = "2025"
}

@misc{HistoryOfBigData,
	author = {Gil Press},
	title = "A Very Short History Of Big Data",
	webpage = "https://www.forbes.com/sites/gilpress/2013/05/09/a-very-short-history-of-big-data/",
	urldate = "2013-05-09",
	year = {2013}
}

@misc{googleDataCommon,
	author = {Google},
	title = "Data Commons",
	webpage = "https://docs.datacommons.org/custom_dc/",
	urldate = "2025-08-23",
	year = {2025}
}

@misc{AWSDataCommon,
	author = {Amazon},
	title = "Datos abiertos en AWS",
	webpage = "https://aws.amazon.com/es/opendata/",
	urldate = {2025-08-28},
	year = {2025}
}

@misc{webRGPD2016Europa,
	author = {{Union Europea}},
	title = "Data protection under GDPR",
	webpage = "https://europa.eu/youreurope/business/dealing-with-customers/data-protection/data-protection-gdpr/index_en.htm",
	urldate = "2025-08-25",
	year = {2016}
}

@misc{webLGD2023Europa,
	author = {{Union Europea}},
	title = "Explicación de la Ley de Gobernanza de Datos",
	webpage = "https://digital-strategy.ec.europa.eu/es/policies/data-governance-act-explained",
	urldate = "2025-08-25",
	year = {2023}
}

@misc{webRIA2024Europa,
	author = {{Union Europea}},
	title = "Reglamento de Inteligencia Artificial",
	webpage = "https://eur-lex.europa.eu/eli/reg/2024/1689",
	urldate = "2025-08-25",
	year = {2024}
}

@misc{webCCPA2018California,
  author = {{Estado de California}},
  title  = {California Consumer Privacy Act (CCPA)},
  year   = {2018},
  url    = {https://oag.ca.gov/privacy/ccpa}
}

@misc{webHIPAA1996EEUU,
  author = {{Congreso de los Estados Unidos de America}},
  title  = {Health Insurance Portability and Accountability Act of 1996 (HIPAA)},
  year   = {1996},
  url    = {https://www.hhs.gov/hipaa/index.html}
}

@misc{webOGDA2019EEUU,
  author = {{Congreso de los Estados Unidos de America}},
  title  = {Foundations for Evidence-Based Policymaking Act of 2018, Title II: OPEN Government Data Act},
  year   = {2019},
  url    = {https://www.congress.gov/115/plaws/publ435/PLAW-115publ435.pdf}
}

@misc{webPIPL2021China,
  author = {{Standing Committee of the National People's Congress}},
  title  = {Personal Information Protection Law of the People's Republic of China},
  year   = {2021},
  url    = {http://en.npc.gov.cn.cdurl.cn/2021-12/29/c_694559.htm}
}

@misc{webDSL2021China,
  author = {{Standing Committee of the National People's Congress}},
  title  = {Data Security Law of the People's Republic of China},
  year   = {2021},
  url    = {http://en.npc.gov.cn.cdurl.cn/2021-06/11/c_693551.htm}
}

@misc{DatosGeneralesCNMC,
	author = {CNMC},
	title = "Telecomunicaciones Anual Datos Generales CNMC",
	webpage = "https://data.cnmc.es/telecomunicaciones-y-sector-audiovisual/datos-anuales/datos-generales/telecomunicaciones-anual",
	urldate = "2025-03-03",
	year = {2025}
}
@misc{DatosGeneralesCNMC-MovileWorldWide,
	author = {Albert Cuesta},
	title = "Telecomunicaciones Anual Datos Generales CNMC",
	webpage = "https://www.mobileworldlive.com/spanish/telecomunicaciones-en-espana-en-2024-mas-redes-y-datos-pero-ingresos-estancados-y-empleo-a-la-baja/",
	urldate = "2025-07-19",
	year = {2025}
}

@misc{DatosMercadosEspanna,
	author = {{Insights + Analytics}, ESOMAR},
	title = "DATOS PARA ESPAÑA Y MUNDIALES DE INVESTIGACIÓN DE MERCADOS 2023",
	webpage = "https://ia-espana.org/wp-content/uploads/2024/10/NdpdatosEncuentro_16102024.pdf",
	urldate = "2024-10-17",
	year = {2024}
}

@misc{JaimeGomezObregon,
	author = {Jaime Gómez-Obregón},
	title = " Jaime Gómez-Obregón",
	webpage = "https://github.com/awesomedata/awesome-public-datasets",
	urldate = "2025-08-23",
	year = {2025}
}

@misc{JaimeGomezObregonSubvenciones,
	author = {Jaime Gómez-Obregón},
	title = "Subvenciones - Jaime Gómez-Obregón",
	webpage = "https://github.com/JaimeObregon/subvenciones/tree/main/files",
	urldate = "2025-08-23",
	year = {2025}
}

@misc{JaimeGomezObregonDonacion,
	author = {Jaime Gómez-Obregón},
	title = "La donación - Jaime Gómez-Obregón",
	webpage = "https://github.com/JaimeObregon/subvenciones/tree/main/files",
	urldate = "2025-08-23",
	year = {2025}
}

@misc{TransparenciaMexico,
	author={Jorge,Ricardo and Herrera,Rolando},
	year={2023},
	month={Mar 24},
	title={Aumenta la negativa a abrir datos públicos: Informa INAI tendencia de 4T a opacidad. Llama presidenta a ciudadanos a iniciar defensa de ente autónomo},
	journal={Mural},
	pages={1},
	note={Copyright - Copyright Editora El Sol, S.A. de C.V. Mar 24, 2023; Última actualización - 2023-03-24},
	keywords={General Interest Periodicals--Mexico},
	isbn={15637743},
	language={Spanish},
	url={https://login.bucm.idm.oclc.org/login?url=https://www.proquest.com/newspapers/aumenta-la-negativa-abrir-datos-públicos/docview/2789978463/se-2}
}

@misc{PortalDatosGob,
  author = {{Gobierno de España}},
  title  = {Portal de Datos Abiertos},
  year   = {2025},
  url    = {https://datos.gob.es/}
}

@misc{PortalDatosEuropa,
  author = {{Union Europea}},
  title  = {Portal de Datos Abiertos},
  year   = {2025},
  url    = {https://data.europa.eu/en}
}

@misc{PortalDatosMadrid,
  author = {{Ayuntamiento de Madrid}},
  title  = {Portal de Datos Abiertos del ayuntamiento de Madrid},
  year   = {2025},
  url    = {https://datos.madrid.es/portal/site/egob}
}

@misc{PortalInfoparticipa,
  author = {{Universitat Autònoma de Barcelona}},
  title  = {infoparticipa},
  year   = {2025},
  url    = {https://www.infoparticipa.info/Inicio}
}

@misc{PortalEsriEspanna,
  author = {{Esri España}},
  title  = {Portal de Datos Abiertos de Esri España},
  year   = {2025},
  url    = {https://opendata.esri.es/}
}

@misc{PortalRegistradores,
  author = {{Registradores de España}},
  title  = {Portal de Datos Abiertos de los Registradores de España},
  year   = {2025},
  url    = {https://opendata.registradores.org/dataset/dataset}
}

@misc{awesomePublicDatasets,
	author = {{Awesome data}},
	title = "Awesome public datasets",
	webpage = "https://github.com/awesomedata/awesome-public-datasets",
	urldate = "2025-08-23",
	year = {2025}
}

@misc{UniversiDATA,
	author = {UniversiDATA},
	title = "UniversiDATA",
	webpage = "https://www.universidata.es/",
	urldate = {2025-08-28},
	year = {2025}
}

@misc{UniversiDATAAnalisis,
	author = {UniversiDATA},
	title = "Análisis de desplazamientos interurbanos en estudiantes",
	webpage = "https://www.universidata.es/analisis/%C2%BFqu%C3%A9-distancia-tienen-que-recorrer-los-estudiantes-para-ir-clase",
	urldate = "2020-11-02",
	year = {2020}
}

@misc{UniversiDATADatathon,
	author = {UniversiDATA},
	title = "II Datathon UniversiDATA",
	webpage = "https://www.universidata.es/datathon/",
	urldate = {2025-08-28},
	year = {2024}
}

@misc{PlanttesDataAPP,
	author = {Concepción De Linares, Jordina Belmonte},
	title = "PLANTTES",
	webpage = "https://www.planttes.com/?lang=en",
	urldate = {2025-08-28},
	year = {2025}
}

@misc{OpenFoodFactsDataAPP,
	author = {Concepción De Linares, Jordina Belmonte},
	title = "Open Food Facts",
	webpage = "https://fr-en.openfoodfacts.org/",
	urldate = {2025-08-28},
	year = {2025}
}

@misc{EventosDatosAbiertosGOB,
	author = {{Gobierno de España}},
	title = "Eventos Datos abiertos Gobierno de España",
	webpage = "https://datos.gob.es/es/eventos/etiquetas/datos-abiertos-1918",
	urldate = "2025-08-27",
	year = {2025}
}

@misc{EventosDatathonGOB,
	author = {{Gobierno de España}},
	title = "Eventos Datathon Gobierno de España",
	webpage = "https://datos.gob.es/es/event-tags/datathon",
	urldate = "2025-08-27",
	year = {2025}
}

@misc{OpenKnowledgeFoundation,
	author = {{Open Knowledge Foundation}},
	title = "Open Definition",
	webpage = "https://opendefinition.org/",
	urldate = {2025-08-28},
	year = {2025}
}

@misc{dataEuropaOpenData,
  author = {{Portal Europeo de Datos}},
  title = {¿Qué son los datos abiertos?},
  year = {2025},
  url = {https://data.europa.eu/en/dataeuropa-academy/what-open-data},
  urldate = {2025-08-28}
}

@misc{Open_Data_Charter,
  author = {{Open Data Charter}},
  title = {¿Qué son los datos abiertos?},
  url = {https://opendatacharter.org/adopt-the-charter/},
  urldate = {2025-08-28}
}


% ----------------
% END - misc Data
% ----------------
% ---------------------------------------------------------------------% ---------------------------------------------------------------------
% ----------------
% misc Cloud 
% ----------------

@misc{MydoomDDoSMalware,
  author = {{radwere}},
  title = {What Is MyDoom Malware?},
  url = {https://www.radware.com/security/ddos-knowledge-center/ddospedia/mydoom/},
  urldate = {2025-08-28}
}

@misc{12Botnets,
  author = {{Danysoft}},
  title = {EL ATAQUE DE LOS BOTNETS},
  url = {https://www.danysoft.com/los-12-peores-botnets/},
  urldate = {2025-08-28}
}

@misc{SONMWhitepaper,
  author = {{SONM}},
  title = {SONM Whitepaper},
  url = {https://www.allcryptowhitepapers.com/sonm-whitepaper/},
  urldate = {2025-08-28}
}

@misc{distributedGCP,
  author = {{Google Cloud}},
  title = {Amplía la infraestructura y la IA de Google Cloud on-premise},
  url = {https://cloud.google.com/distributed-cloud?hl=es},
  urldate = {2025-08-28}
}

@misc{GolemNetwork,
  author = {{Golem Network}},
  title = {Golem Network},
  url = {https://www.golem.network/},
  urldate = {2025-08-28}
}

@misc{rendernetwork,
  author = {{Render Network}},
  title = {The Distributed GPU Render Network},
  url = {https://rendernetwork.com/},
  urldate = {2025-08-28}
}

@misc{akashCloud,
  author = {Akash},
  title = {The Decentralized Cloud Built for AI's Next Frontier},
  url = {https://akash.network/},
  urldate = {2025-08-28}
}

@misc{MicrosoftCloudTerminology,
  author = {Microsoft},
  title = {Cloud computing terminology},
  url = {https://azure.microsoft.com/en-us/resources/cloud-computing-dictionary/what-is-cloud-computing/},
  urldate = {2025-08-28}
}

@misc{cloudPizza2014,
  author = {Albert Barron, traducido por Cristian Menghi},
  title = {Pizza as a service},
  url = {https://menghi.biz/2015/08/14/pizza-as-a-service/},
  urldate = {2025-08-28}
}

@misc{TelefonicaTechCloudPlatform,
  author = {Telefónica},
  title = {Telefónica Tech Cloud Platform},
  url = {https://telefonicatech.com/soluciones/cloud-hibrida/telefonica-tech-cloud-platform},
  urldate = {2025-08-28}
}

@misc{EurostatCloudUsage,
  author = {Eurostat},
  title = {Cloud computing services by size class of enterprise},
  url = {https://ec.europa.eu/eurostat/databrowser/view/isoc_cicce_use/default/table?lang=en},
  urldate = {2025-08-28}
}

@misc{EuroDigitalStrategyEdge,
  author = {{European Commission}},
  title = {Cloud computing},
  url = {https://digital-strategy.ec.europa.eu/en/policies/cloud-computing},
  urldate = {2025-08-28}
}

@misc{EspannaCloudGroeth2033,
  author = {{Market report analytics}},
  title = {Spain Cloud Computing Market Market’s Growth Blueprint},
  url = {https://www.marketreportanalytics.com/reports/spain-cloud-computing-market-87787#},
  urldate = {2025-08-28}
}

@misc{GobEspana2021PlanDigitalizacion,
	title        = {Plan de Digitalización de las Administraciones Públicas 2021-2025},
	author       = {{Gobierno de España}},
	year         = {2021},
	institution  = {Ministerio de Asuntos Económicos y Transformación Digital},
	url          = {https://portal.mineco.gob.es/RecursosArticulo/mineco/ministerio/ficheros/210902-digitalisation-of-public-admin-plan.pdf},
	urldate      = {2025-08-28},
	language     = {spanish}
}

@misc{PreciosNubeSARA,
	title        = {Plan de Precios de NubeSARA},
	author       = {{Gobierno de España}},
	institution  = {Portal de administración electornica},
	url          = {https://administracionelectronica.gob.es/ctt/resources/Soluciones/4531/Descargas/Costes%20Nubesara.xlsx?idIniciativa=4531&idElemento=24953},
	urldate      = {2025-08-28},
	language     = {spanish}
}

@misc{InfoNubeSARA,
	title        = {NubeSARA},
	author       = {{Gobierno de España}},
	institution  = {Portal de administración electornica},
	url          = {https://administracionelectronica.gob.es/ctt/verPestanaDescargas.htm?idIniciativa=nubesara},
	urldate      = {2025-08-28},
	language     = {spanish}
}

@misc{InfoPreparaTICNubeSARA,
	title    = {SERVICIO NUBESARA. CASOS PRÁCTICOS Y EJEMPLOS DE APLICACIÓN},
	author   = {PreparaTIC},
	url      = {https://drive.google.com/file/d/1s61YHxOT2dtcNPVnVHhBOua9deSHYMuc/view},
	urldate  = {2025-08-28},
	language = {spanish}
}

@misc{cloudingIO,
	title    = {clouding.io, Infraestructura Cloud a tu servicio},
	author   = {clouding.io},
	url      = {https://clouding.io/},
	urldate  = {2025-08-28}
}
@misc{nextcloudCloud,
    title   = {Nextcloud - Your own private cloud},
    author  = {Nextcloud GmbH},
    url     = {https://nextcloud.com/},
    urldate = {2025-08-28}
}

@misc{gigasCloud,
    title   = {Gigas - Cloud Hosting Solutions},
    author  = {Gigas},
    url     = {https://gigas.com/en/},
    urldate = {2025-08-28}
}

@misc{BDTIEuropeProject,
    title   = {From hype to action using the Big Data Test Infrastructure (BDTI)},
    author  = {{European Commission}},
    url     = {https://wayback.archive-it.org/12090/20250325101819/https://big-data-test-infrastructure.ec.europa.eu/document/download/964ef95e-4be9-4766-8dc9-038b458d1a70_en?filename=BDTIPresentation.pdf},
    urldate = {2025-08-28}
}

@misc{SIMPLEuropeProject,
    title   = {Simpl: Cloud-to-edge federations empowering EU data spaces},
    author  = {{European Commission}},
    url     = {https://digital-strategy.ec.europa.eu/en/policies/simpl#1712822729753-3},
    urldate = {2025-08-28}
}

@misc{GobEspana2021BDTI,
	title        = {Big Data Test Infrastructure: Un entorno gratuito para que las AA.PP experimenten con sus datos abiertos},
	author       = {{Gobierno de España}},
	year         = {2021},
	institution  = {Ministerio de Asuntos Económicos y Transformación Digital},
	url          = {https://datos.gob.es/es/blog/big-data-test-infrastructure-un-entorno-gratuito-para-que-las-aapp-experimenten-con-sus-datos},
	urldate      = {2025-08-28},
	language     = {spanish}
}

@misc{OVHCloudFree,
	title    = {Public Cloud free trial OVHCloud },
	author   = {OVHCloud},
	url      = {https://www.ovhcloud.com/en/public-cloud/free-trial/},
	urldate  = {2025-08-28},
	language = {spanish}
}

@misc{MedallionMicrosoft,
	title    = {What is the medallion lakehouse architecture?},
	author   = {Microsoft},
	url      = {https://learn.microsoft.com/en-us/azure/databricks/lakehouse/medallion},
	urldate  = {2025-08-28}
}

@misc{MedallionMedium,
	title    = {Data Engineering: Now with 30% More Bull****},
	author   = {Kirill Bobrov},
	url      = {https://blog.dataengineerthings.org/data-engineering-now-with-30-more-bullshit-b9de5f81f8c2#:~:text=pretend%20it%E2%80%99s%20magic.-,Medallion%20Architecture,-If%20you%E2%80%99ve%20worked},
	urldate  = {2025-08-28},
	year 	= "2025"
}

% ----------------
% END - misc Cloud 
% ----------------
% ---------------------------------------------------------------------% ---------------------------------------------------------------------
% ----------------
%  misc IA
% ----------------

@misc{Video_AIExplained_AIBubble_2025,
    author = {{AI Explained}},
    title = {An 'AI Bubble'? What Altman Actually said, the Facts and Nano Banana},
    url = {https://www.youtube.com/watch?v=tCvsYMEk9ts},
    urldate = {2025-08-27},
    year = {2025}
}