% ---------------------------------------------------------------------
% articles
% ---------------------------------------------------------------------

@article{ID,
	author = {author},
	title = {title},
	journaltitle = {journaltitle},
	date = {date},
	OPTtranslator = {translator},
	OPTannotator = {annotator},
	OPTcommentator = {commentator},
	OPTsubtitle = {subtitle},
	OPTtitleaddon = {titleaddon},
	OPTeditor = {editor},
	OPTeditora = {editora},
	OPTeditorb = {editorb},
	OPTeditorc = {editorc},
	OPTjournalsubtitle = {journalsubtitle},
	OPTissuetitle = {issuetitle},
	OPTissuesubtitle = {issuesubtitle},
	OPTlanguage = {language},
	OPToriglanguage = {origlanguage},
	OPTseries = {series},
	OPTvolume = {volume},
	OPTnumber = {number},
	OPTeid = {eid},
	OPTissue = {issue},
	OPTmonth = {month},
	OPTpages = {pages},
	OPTversion = {version},
	OPTnote = {note},
	OPTissn = {issn},
	OPTaddendum = {addendum},
	OPTpubstate = {pubstate},
	OPTdoi = {doi},
	OPTeprint = {eprint},
	OPTeprintclass = {eprintclass},
	OPTeprinttype = {eprinttype},
	OPTurl = {url},
	OPTurldate = {urldate},
}


% ---------------------------------------------------------------------
% Online elements
% ---------------------------------------------------------------------

@online{importancia-de-los-datos,
	author = {Yan Carriere-Swallow and Vikram Haksar},
	title = "The Economics and Implications of Data : An Integrated Perspective",
	url = "https://www.imf.org/en/Publications/Departmental-Papers-Policy-Papers/Issues/2019/09/20/The-Economics-and-Implications-of-Data-An-Integrated-Perspective-48596",
	urldate = "2019-09-23",
	year = {2019}
}

@online{/free-for-dev,
	author = {},
	title = "Free for devs",
	url = "https://github.com/ripienaar/free-for-dev",
	urldate = "2025-08-23",
	year = {2025}
}