% ---------------------------------------------------------------------
% articles
% ---------------------------------------------------------------------
@article{article1-psicosocial,
author = {Dumitrache, Cristina and Rubio, Laura and Cord√≥n-Pozo, Eulogio},
year = {2018},
month = {05},
pages = {1-11},
title = {Successful aging in Spanish older adults: the role of psychosocial resources},
volume = {31},
journal = {International Psychogeriatrics},
url = {https://www.researchgate.net/publication/325374774_Successful_aging_in_Spanish_older_adults_the_role_of_psychosocial_resources},
doi = {10.1017/S1041610218000388}
}

@article{ID,
	author = {author},
	title = {title},
	journaltitle = {journaltitle},
	date = {date},
	OPTtranslator = {translator},
	OPTannotator = {annotator},
	OPTcommentator = {commentator},
	OPTsubtitle = {subtitle},
	OPTtitleaddon = {titleaddon},
	OPTeditor = {editor},
	OPTeditora = {editora},
	OPTeditorb = {editorb},
	OPTeditorc = {editorc},
	OPTjournalsubtitle = {journalsubtitle},
	OPTissuetitle = {issuetitle},
	OPTissuesubtitle = {issuesubtitle},
	OPTlanguage = {language},
	OPToriglanguage = {origlanguage},
	OPTseries = {series},
	OPTvolume = {volume},
	OPTnumber = {number},
	OPTeid = {eid},
	OPTissue = {issue},
	OPTmonth = {month},
	OPTpages = {pages},
	OPTversion = {version},
	OPTnote = {note},
	OPTissn = {issn},
	OPTaddendum = {addendum},
	OPTpubstate = {pubstate},
	OPTdoi = {doi},
	OPTeprint = {eprint},
	OPTeprintclass = {eprintclass},
	OPTeprinttype = {eprinttype},
	OPTurl = {url},
	OPTurldate = {urldate},
}

@unpublished{emotraductor,
	title = {EmoTraductor 2.0. An{\'a}lisis emocional de textos en espa{\~n}ol},
	year = {2020},
	note = {Trabajo de Fin de M{\'a}ster en Ingenier{\'i}a Inform{\'a}tica, Facultad de Inform{\'a}tica UCM, Departamento de Ingenier{\'i}a de Software e Inteligencia Artificial, Curso 2019/2020},
	keywords = {An{\'a}lisis emocional, Computaci{\'o}n afectiva, Emociones, Categor{\'i}as emocionales, Negaci{\'o}n, Modificadores, Accesibilidad},
	url = {https://eprints.ucm.es/id/eprint/62115/},
	abstract = {Existen personas para las que resulta dif{\'i}cil interpretar y reconocer el contenido afectivo de un texto. En personas con Trastornos de Espectro Autista (TEA) estas dificultades se incrementan, surgiendo la necesidad de crear herramientas para conseguir la integraci{\'o}n digital de personas con este tipo de dificultad. 
	El EmoTraductor 1.0 es una primera aproximaci{\'o}n a este tipo de herramientas para el castellano. Este trabajo tiene como objetivo evaluar dicha herramienta e intentar mejorar su marcado emocional a{\~n}adiendo distintas mejoras como el tratamiento de la negaci{\'o}n o los modificadores. Este TFM realiza un an{\'a}lisis de los resultados obtenidos con el EmoTraductor 1.0 para identificar sus deficiencias y mejorarlo. Entre las mejoras propuestas caben destacar: el tratamiento de los modificadores y el tratamiento de la negaci{\'o}n. Cada una de las mejoras propuestas ha sido implementada y posteriormente evaluada para comprobar su validez y la mejora en el marcado conseguida. Todas aquellas mejoras que se tradujeron en un avance en la detecci{\'o}n de la carga emocional de un texto han sido incorporadas a una nueva versi{\'o}n de la herramienta, el EmoTraductor 2.0. 
	Finalmente, tras una evaluaci{\'o}n final de los resultados, la nueva versi{\'o}n del EmoTraductor obtiene mejores resultados que la primera versi{\'o}n. No obstante, tambi{\'e}n se identifica a{\'u}n trabajo por realizar para continuar mejorando el marcado emocional como mejorar el tratamiento de la negaci{\'o}n o la ampliaci{\'o}n del diccionario emocional que usa el sistema como base.},
	author = {Guti{\'e}rrez Merino, Paloma}
}

% ---------------------------------------------------------------------
% Online elements
% ---------------------------------------------------------------------
@online{CSV,
	author = {PythonSoftwareFoundation},
	title = "CSV File Reading and Writing",
	url = "https://docs.python.org/3/library/csv.html",
	urldate = "2018-04-27",
	year = {2018}
}

@online{importancia-de-los-datos,
	author = {Yan Carriere-Swallow and Vikram Haksar},
	title = "The Economics and Implications of Data : An Integrated Perspective",
	url = "https://www.imf.org/en/Publications/Departmental-Papers-Policy-Papers/Issues/2019/09/20/The-Economics-and-Implications-of-Data-An-Integrated-Perspective-48596",
	urldate = "2019-09-23",
	year = {2019}
}
